@misc{fceux18,
	author={adelikat et al.},
	title={FCEUX, the all in one NES/Famicom emulator},
    year={2018},
    url={http://www.fceux.com/web/home.html},
    note={Online;  accessed Sep. 23, 2018}
}